@book{test, 
  added-at = {2016-05-28T11:32:58.000+0200},
  address = {Z\"{u}rich},
  biburl = {https://www.bibsonomy.org/bibtex/282fd129e6a7cba0ad54c64e0a34f795c/flint63},
  description = {12. Auflage 2012},
  edition = 13,
  editor = {Haberfellner, Reinhard and de Weck, Olivier L. and Fricke, Ernst and V\"{o}ssner, Siegfried},
  file = {OFV Product page:http\://www.ofv.ch/?pagename=sdt&id=14546:URL;Amazon Search inside:http\://www.amazon.de/gp/reader/328004068X/:URL},
  groups = {public},
  interhash = {639c6250b5b1da815ed0ad46b1f2cc78},
  intrahash = {82fd129e6a7cba0ad54c64e0a34f795c},
  isbn = {978-3-280-04068-3},
  keywords = {01624 101 book shelf system engineering development design process project management intro},
  publisher = {Orell F\"{u}ssli},
  timestamp = {2017-07-13T17:34:22.000+0200},
  title = {Systems Engineering: Grundlagen und Anwendung},
  username = {flint63},
  year = 2015
}

@book{Syshandb2000,
	added-at = {2008-07-29T11:08:07.000+0200},
	biburl = {https://www.bibsonomy.org/bibtex/2123b885948042dc7296ecfca7b4e5bfc/stephan_dlr},
	editor = {on Systems Engineering, International Council},
	interhash = {8f42b262d39587cba43eaa13428def7c},
	intrahash = {123b885948042dc7296ecfca7b4e5bfc},
	keywords = {INCOSE Systems-Engineering},
	timestamp = {2008-07-29T11:08:07.000+0200},
	title = {INCOSE Systems Engineering Handbook},
	volume = {2.0},
	year = 2000
}

%used for commercial production of sugar citing; major disease listing parts;
@article{Barreto2020HyperspectralIO,
  title={Hyperspectral imaging of symptoms induced by Rhizoctonia solani in sugar beet: comparison of input data and different machine learning algorithms},
  author={Abel Barreto and Stefan Paulus and Mark Varrelmann and Anne-Katrin Mahlein},
  journal={Journal of Plant Diseases and Protection},
  year={2020},
  volume={127},
  pages={441-451}
}

%used for temperate and tropical region of sugar beet cultivation
@book{draycott2008sugar,
  title={Sugar beet},
  author={Draycott, A Philip},
  year={2008},
  publisher={John Wiley \& Sons}
}


%agriculture using more land and water

@book{agriculture2008state,
  title={The State of Food and Agriculture 2007: Paying
Farmers for Environmental Services},
  author={Agriculture Organization},
  volume={38},
  year={2007},
  publisher={Food \& Agriculture Org.}
}

% greatest treat to hum life and the ecological system
@article{green2005farming,
  title={Farming and the fate of wild nature},
  author={Green, Rhys E and Cornell, Stephen J and Scharlemann, J{\"o}rn PW and Balmford, Andrew},
  journal={science},
  volume={307},
  number={5709},
  pages={550--555},
  year={2005},
  publisher={American Association for the Advancement of Science}
}


% introductory paragraph for food security
@article{pawlak2020role,
  title={The role of agriculture in ensuring food security in developing countries: Considerations in the context of the problem of sustainable food production},
  author={Pawlak, Karolina and Ko{\l}odziejczak, Ma{\l}gorzata},
  journal={Sustainability},
  volume={12},
  number={13},
  pages={5488},
  year={2020},
  publisher={Multidisciplinary Digital Publishing Institute}
}

% major disease listing parts; literature review
@article{ozguven2019automatic,
  title={Automatic detection and classification of leaf spot disease in sugar beet using deep learning algorithms},
  author={Ozguven, Mehmet Metin and Adem, Kemal},
  journal={Physica A: Statistical Mechanics and its Applications},
  volume={535},
  pages={122537},
  year={2019},
  publisher={Elsevier}
}

%CLS causative agent
@article{stewart1999phylogenetic,
  title={Phylogenetic relationships among some cercosporoid anamorphs of Mycosphaerella based on rDNA sequence analysis},
  author={Stewart, Elwin L and Liu, Zhaowei and Crous, Pedro W and Szabo, Les J},
  journal={Mycological Research},
  volume={103},
  number={11},
  pages={1491--1499},
  year={1999},
  publisher={Cambridge University Press}
}

%REPORTED CLS CASES AREAS USA
@article{khan2005evaluating,
  title={Evaluating fungicides for controlling Cercospora leaf spot on sugar beet},
  author={Khan, Mohamed FR and Smith, Larry J},
  journal={Crop Protection},
  volume={24},
  number={1},
  pages={79--86},
  year={2005},
  publisher={Elsevier}
}

%REPORTED CLS CASES AREAS GERMANY
@article{gummert2015variety,
  title={Variety resistance to Cercospora leaf spot and fungicide application as tools of integrated pest management in sugar beet cultivation--A German case study},
  author={Gummert, Annett and Ladewig, Erwin and B{\"u}rcky, Klaus and M{\"a}rl{\"a}nder, Bernward},
  journal={Crop Protection},
  volume={72},
  pages={182--194},
  year={2015},
  publisher={Elsevier}
}

%REPORTED CLS CASES AREAS rOMANIA
@article{iamandei2013biological,
  title={Biological parameters of some plant pathogenic fungi used as model in the precision management of sugar beet diseases in Romania.},
  author={Iamandei, Maria and Oprea, Maria and Cioloca, Mihaela and others},
  journal={Romanian Journal for Plant Protection},
  volume={6},
  pages={20--26},
  year={2013},
  publisher={Research Development Institute for Plant Protection}
}

%50 yield loss
@article{rossi2000effect,
  title={Effect of Cercospora leaf spot on sugarbeet growth, yield and quality.},
  author={Rossi, V and Meriggi, P and Biancardi, E and Rosso, F and others},
  journal={Cercospora beticola Sacc. biology, agronomic influence and control measures in sugar beet.},
  pages={49--76},
  year={2000},
  publisher={International Institute for Beet Research}
}

%explanation of advance stage CLS
@article{articleHarveson,
    author = {Harveson, Robert},
    year = {2013},
    pages = {},
    title = {G07-1753 Cercospora Leaf Spot of Sugar Beet},
    journal={Neb. Guide},
    publisher={University of Nebraska-Lincoln Extension, Institute of Agriculture and Natural Resources}
}

%30% loss caused by powdery mildew
@article{francis2002sugar,
  title={Sugar-beet powdery mildew (Erysiphe betae)},
  author={Francis, Sally},
  journal={Molecular plant pathology},
  volume={3},
  number={3},
  pages={119--124},
  year={2002},
  publisher={Wiley Online Library}
}

%Rhizoctonia root and crown rot causative agent in germany
@article{buhre2009integrated,
  title={Integrated control of root and crown rot in sugar beet: combined effects of cultivar, crop rotation, and soil tillage},
  author={Buhre, Cord and Kluth, Christian and B{\"u}rcky, Klaus and M{\"a}rl{\"a}nder, Bernward and Varrelmann, Mark},
  journal={Plant Disease},
  volume={93},
  number={2},
  pages={155--161},
  year={2009},
  publisher={Am Phytopath Society}
}

%decrease due to not freezing infected roots
@article{campbell2014postharvest,
  title={Postharvest losses associated with severity of Rhizoctonia crown and root rot of sugarbeet at harvest},
  author={Campbell, LG and Windels, CE and Fugate, KK and Brantner, JR},
  journal={Journal of Sugar Beet Research},
  volume={51},
  number={1/2},
  pages={31},
  year={2014},
  publisher={American Society of Sugar Beet Technologists}
}

%%HSI image definition part
@article{nguyen2021early,
  title={Early Detection of Plant Viral Disease Using Hyperspectral Imaging and Deep Learning},
  author={Nguyen, Canh and Sagan, Vasit and Maimaitiyiming, Matthew and Maimaitijiang, Maitiniyazi and Bhadra, Sourav and Kwasniewski, Misha T},
  journal={Sensors},
  volume={21},
  number={3},
  pages={742},
  year={2021},
  publisher={Multidisciplinary Digital Publishing Institute}
}

%%HSI image definition part
%different sensors equals to varying wavelengths
@article{bock2010plant,
  title={Plant disease severity estimated visually, by digital photography and image analysis, and by hyperspectral imaging},
  author={Bock, CH and Poole, GH and Parker, PE and Gottwald, TR},
  journal={Critical reviews in plant sciences},
  volume={29},
  number={2},
  pages={59--107},
  year={2010},
  publisher={Taylor \& Francis}
}

%%HSI usage in plant disease detection; early disease detection 
@incollection{kuska2015proximal,
  title={Proximal sensing of barley resistance to powdery mildew},
  author={Kuska, M and Wahabzada, M and Thomas, S and Dehne, HW and Steiner, U and Oerke, EC and Mahlein, AK},
  booktitle={Precision agriculture'15},
  pages={135--149},
  year={2015},
  publisher={Wageningen Academic Publishers}
}

%%disease detection and soil borne part;
@inproceedings{hillnhutter2010hyperspectral,
  title={Hyperspectral imaging of sugar beet symptoms caused by soil-borne organisms},
  author={Hillnh{\"u}tter, C and Mahlein, AK and Sikora, RA and Oerke, EC},
  booktitle={Proceedings of the Tenth International Conference on Precision Agriculture, St. Paul, Minnesota},
  year={2010}
}


%severity monitoring evidence
@article{nagasubramanian2019plant,
  title={Plant disease identification using explainable 3D deep learning on hyperspectral images},
  author={Nagasubramanian, Koushik and Jones, Sarah and Singh, Asheesh K and Sarkar, Soumik and Singh, Arti and Ganapathysubramanian, Baskar},
  journal={Plant methods},
  volume={15},
  number={1},
  pages={1--10},
  year={2019},
  publisher={Springer}
}

%severity monitoring evidence
@inproceedings{ochoa2016hyperspectral,
  title={Hyperspectral imaging system for disease scanning on banana plants},
  author={Ochoa, Daniel and Cevallos, Juan and Vargas, German and Criollo, Ronald and Romero, Dennis and Castro, Rodrigo and Bayona, Oswaldo},
  booktitle={Sensing for Agriculture and Food Quality and Safety VIII},
  volume={9864},
  pages={98640M},
  year={2016},
  organization={International Society for Optics and Photonics}
}

%severity monitoring evidence
@article{yuan2019detection,
  title={Detection of anthracnose in tea plants based on hyperspectral imaging},
  author={Yuan, Lin and Yan, Peng and Han, Wenyan and Huang, Yanbo and Wang, Bin and Zhang, Jingcheng and Zhang, Haibo and Bao, Zhiyan},
  journal={Computers and Electronics in Agriculture},
  volume={167},
  pages={105039},
  year={2019},
  publisher={Elsevier}
}

%severity monitoring evidence
@inproceedings{moghadam2017plant,
  title={Plant disease detection using hyperspectral imaging},
  author={Moghadam, Peyman and Ward, Daniel and Goan, Ethan and Jayawardena, Srimal and Sikka, Pavan and Hernandez, Emili},
  booktitle={2017 International Conference on Digital Image Computing: Techniques and Applications (DICTA)},
  pages={1--8},
  year={2017},
  organization={IEEE}
}

%%%wavelength 
@article{hillnhutter2011remote,
  title={Remote sensing to detect plant stress induced by Heterodera schachtii and Rhizoctonia solani in sugar beet fields},
  author={Hillnh{\"u}tter, C and Mahlein, A-K and Sikora, RA and Oerke, E-C},
  journal={Field Crops Research},
  volume={122},
  number={1},
  pages={70--77},
  year={2011},
  publisher={Elsevier}
}


%RGB image
@article{padmavathi2016implementation,
  title={Implementation of RGB and grayscale images in plant leaves disease detection--comparative study},
  author={Padmavathi, K and Thangadurai, K},
  journal={Indian Journal of Science and Technology},
  volume={9},
  number={6},
  pages={1--6},
  year={2016}
}

@article{shrivastava2015exploring,
  title={Exploring the color feature power for psoriasis risk stratification and classification: a data mining paradigm},
  author={Shrivastava, Vimal K and Londhe, Narendra D and Sonawane, Rajendra S and Suri, Jasjit S},
  journal={Computers in biology and medicine},
  volume={65},
  pages={54--68},
  year={2015},
  publisher={Elsevier}
}

@article{shin2021deep,
  title={A deep learning approach for RGB image-based powdery mildew disease detection on strawberry leaves},
  author={Shin, Jaemyung and Chang, Young K and Heung, Brandon and Nguyen-Quang, Tri and Price, Gordon W and Al-Mallahi, Ahmad},
  journal={Computers and Electronics in Agriculture},
  volume={183},
  pages={106042},
  year={2021},
  publisher={Elsevier}
}

% literature review
@article{sujatha2021performance,
  title={Performance of deep learning vs machine learning in plant leaf disease detection},
  author={Sujatha, R and Chatterjee, Jyotir Moy and Jhanjhi, NZ and Brohi, Sarfraz Nawaz},
  journal={Microprocessors and Microsystems},
  volume={80},
  pages={103615},
  year={2021},
  publisher={Elsevier}
}

%lit review
@article{ferentinos2018deep,
  title={Deep learning models for plant disease detection and diagnosis},
  author={Ferentinos, Konstantinos P},
  journal={Computers and Electronics in Agriculture},
  volume={145},
  pages={311--318},
  year={2018},
  publisher={Elsevier}
}

@article{lu2021review,
  title={Review on Convolutional Neural Network (CNN) Applied to Plant Leaf Disease Classification},
  author={Lu, Jinzhu and Tan, Lijuan and Jiang, Huanyu},
  journal={Agriculture},
  volume={11},
  number={8},
  pages={707},
  year={2021},
  publisher={Multidisciplinary Digital Publishing Institute}
}

@article{arivazhagan2013detection,
  title={Detection of unhealthy region of plant leaves and classification of plant leaf diseases using texture features},
  author={Arivazhagan, Sai and Shebiah, R Newlin and Ananthi, S and Varthini, S Vishnu},
  journal={Agricultural Engineering International: CIGR Journal},
  volume={15},
  number={1},
  pages={211--217},
  year={2013}
}

@article{athanikar2016potato,
  title={Potato leaf diseases detection and classification system},
  author={Athanikar, Girish and Badar, Priti},
  journal={International Journal of Computer Science and Mobile Computing},
  volume={5},
  number={2},
  pages={76--88},
  year={2016}
}

@article{ma2018recognition,
  title={A recognition method for cucumber diseases using leaf symptom images based on deep convolutional neural network},
  author={Ma, Juncheng and Du, Keming and Zheng, Feixiang and Zhang, Lingxian and Gong, Zhihong and Sun, Zhongfu},
  journal={Computers and electronics in agriculture},
  volume={154},
  pages={18--24},
  year={2018},
  publisher={Elsevier}
}

@book{goodfellow2016deep,
  title={Deep learning},
  author={Goodfellow, Ian and Bengio, Yoshua and Courville, Aaron},
  year={2016},
  publisher={MIT press}
}

@article{kamilaris2018deep,
  title={Deep learning in agriculture: A survey},
  author={Kamilaris, Andreas and Prenafeta-Bold{\'u}, Francesc X},
  journal={Computers and electronics in agriculture},
  volume={147},
  pages={70--90},
  year={2018},
  publisher={Elsevier}
}

@book{nielsen2015neural,
  title={Neural networks and deep learning},
  author={Nielsen, Michael A},
  volume={25},
  year={2015},
  publisher={Determination press San Francisco, CA}
}

@inproceedings{sardogan2018plant,
  title={Plant leaf disease detection and classification based on CNN with LVQ algorithm},
  author={Sardogan, Melike and Tuncer, Adem and Ozen, Yunus},
  booktitle={2018 3rd International Conference on Computer Science and Engineering (UBMK)},
  pages={382--385},
  year={2018},
  organization={IEEE}
}

@article{lecun2015deep,
  title={Deep learning},
  author={LeCun, Yann and Bengio, Yoshua and Hinton, Geoffrey},
  journal={nature},
  volume={521},
  number={7553},
  pages={436--444},
  year={2015},
  publisher={Nature Publishing Group}
}

@article{yang2018classification,
  title={Classification of sugar beets based on hyperspectral and extreme learning machine methods},
  author={Yang, Rongchao and Tian, Haiqing and Kan, Jiangming},
  journal={Applied Engineering in Agriculture},
  volume={34},
  number={6},
  pages={891--897},
  year={2018},
  publisher={American Society of Agricultural and Biological Engineers}
}

@inproceedings{kawasaki2015basic,
  title={Basic study of automated diagnosis of viral plant diseases using convolutional neural networks},
  author={Kawasaki, Yusuke and Uga, Hiroyuki and Kagiwada, Satoshi and Iyatomi, Hitoshi},
  booktitle={International symposium on visual computing},
  pages={638--645},
  year={2015},
  organization={Springer}
}

@article{ren2015faster,
  title={Faster r-cnn: Towards real-time object detection with region proposal networks},
  author={Ren, Shaoqing and He, Kaiming and Girshick, Ross and Sun, Jian},
  journal={Advances in neural information processing systems},
  volume={28},
  pages={91--99},
  year={2015}
}

@inproceedings{girshick2014rich,
  title={Rich feature hierarchies for accurate object detection and semantic segmentation},
  author={Girshick, Ross and Donahue, Jeff and Darrell, Trevor and Malik, Jitendra},
  booktitle={Proceedings of the IEEE conference on computer vision and pattern recognition},
  pages={580--587},
  year={2014}
}

@inproceedings{girshick2015fast,
  title={Fast r-cnn},
  author={Girshick, Ross},
  booktitle={Proceedings of the IEEE international conference on computer vision},
  pages={1440--1448},
  year={2015}
}

@article{zou2019object,
  title={Object detection in 20 years: A survey},
  author={Zou, Zhengxia and Shi, Zhenwei and Guo, Yuhong and Ye, Jieping},
  journal={arXiv preprint arXiv:1905.05055},
  year={2019}
}

@article{yones2019ajab,
  title={Spectral measurements for monitoring of sugar beet infestation and its relation with production},
  author={Yones, Mona Sayed and Aboelghar, Mohamed Amin and Khdery, Ghada Ali and Ali, Abdelraouf Massoud and Salem, Nasser Hussien and Farag, Eslam and Ma’mon, Shireen Ahmed Mahmoud},
  journal={Asian J Agric \& Biol},
  volume={7},
  number={3},
  pages={386--395},
  year={2019}
}

@article{laudien2005multitemporal,
  title={MULTITEMPORAL HYPERSPECTRAL DATA ANALYSIS FOR REGIONAL DETECTION OF PLANT STRESS BY USING AN AIRBORNE-AND TRACTOR-BASED SPECTROMETER--CASE STUDY: SUGAR BEET DISEASE RHIZOCTONIA SOLANI--},
  author={Laudien, R and Bareth, G and Doluschitz, R},
  journal={Proceedings of the Analysis and Applications, International Society for Photogrammetry and Remote Sensing (ISPRS), Beijing, China},
  pages={17--19},
  year={2005}
}

@inproceedings{ahmed2019rice,
  title={Rice leaf disease detection using machine learning techniques},
  author={Ahmed, Kawcher and Shahidi, Tasmia Rahman and Alam, Syed Md Irfanul and Momen, Sifat},
  booktitle={2019 International Conference on Sustainable Technologies for Industry 4.0 (STI)},
  pages={1--5},
  year={2019},
  organization={IEEE}
}

@inproceedings{annabel2019machine,
  title={Machine Learning for Plant Leaf Disease Detection and Classification--A Review},
  author={Annabel, L Sherly Puspha and Annapoorani, T and Deepalakshmi, P},
  booktitle={2019 International Conference on Communication and Signal Processing (ICCSP)},
  pages={0538--0542},
  year={2019},
  organization={IEEE}
}

@inproceedings{ramesh2018plant,
  title={Plant disease detection using machine learning},
  author={Ramesh, Shima and Hebbar, Ramachandra and Niveditha, M and Pooja, R and Shashank, N and Vinod, PV and others},
  booktitle={2018 International conference on design innovations for 3Cs compute communicate control (ICDI3C)},
  pages={41--45},
  year={2018},
  organization={IEEE}
}

@article{hallau2018automated,
  title={Automated identification of sugar beet diseases using smartphones},
  author={Hallau, L and Neumann, M and Klatt, B and Kleinhenz, B and Klein, T and Kuhn, C and R{\"o}hrig, M and Bauckhage, C and Kersting, K and Mahlein, A-K and others},
  journal={Plant pathology},
  volume={67},
  number={2},
  pages={399--410},
  year={2018},
  publisher={Wiley Online Library}
}

@inproceedings{zhou2013early,
  title={Early detection and continuous quantization of plant disease using template matching and support vector machine algorithms},
  author={Zhou, Rong and Kaneko, Shun'ichi and Tanaka, Fumio and Kayamori, Miyuki and Shimizu, Motoshige},
  booktitle={2013 First International Symposium on Computing and Networking},
  pages={300--304},
  year={2013},
  organization={IEEE}
}

@misc{ziya34determination,
  title={Determination of Sugar Beet Leaf Spot Disease Level (Cercospora Beticola Sacc.) with Image Processing Technique by Using Drone. Curr Inves Agri Curr Res 5 (3)-2018. CIACR. MS. ID. 000214. DOI: 10.32474/CIACR. 2018.05. 000214. 621},
  author={Ziya, A and Mehmet, MO and Yusuf, Y},
  journal={Mediterranea},
  volume={34},
  number={3},
  pages={149--156},
  publisher={UPINE PUBLISHERS Open Access L Current Investigations in Agriculture and~…}
}

@article{bauer2011potential,
  title={The potential of automatic methods of classification to identify leaf diseases from multispectral images},
  author={Bauer, Sabine D and Kor{\v{c}}, Filip and F{\"o}rstner, Wolfgang},
  journal={Precision Agriculture},
  volume={12},
  number={3},
  pages={361--377},
  year={2011},
  publisher={Springer}
}

% @article{articleHarveson,
% author = {Harveson, Robert and Hein, Gary and Smith, John and Wilson, Robert and Yonts, C},
% year = {2002},
% month = {01},
% pages = {},
% title = {An Integrated Approach to Cultivar Evaluation and Selection for Improving Sugar Beet Profitability},
% volume = {86},
% journal = {Plant Disease}
% }

@article{russakovsky2015imagenet,
  title={Imagenet large scale visual recognition challenge},
  author={Russakovsky, Olga and Deng, Jia and Su, Hao and Krause, Jonathan and Satheesh, Sanjeev and Ma, Sean and Huang, Zhiheng and Karpathy, Andrej and Khosla, Aditya and Bernstein, Michael and others},
  journal={International journal of computer vision},
  volume={115},
  number={3},
  pages={211--252},
  year={2015},
  publisher={Springer}
}

@article{szegedy2013intriguing,
  title={Intriguing properties of neural networks},
  author={Szegedy, Christian and Zaremba, Wojciech and Sutskever, Ilya and Bruna, Joan and Erhan, Dumitru and Goodfellow, Ian and Fergus, Rob},
  journal={arXiv preprint arXiv:1312.6199},
  year={2013}
}

@article{simonyan2014very,
  title={Very deep convolutional networks for large-scale image recognition},
  author={Simonyan, Karen and Zisserman, Andrew},
  journal={arXiv preprint arXiv:1409.1556},
  year={2014}
}

@inproceedings{szegedy2017inception,
  title={Inception-v4, inception-resnet and the impact of residual connections on learning},
  author={Szegedy, Christian and Ioffe, Sergey and Vanhoucke, Vincent and Alemi, Alexander A},
  booktitle={Thirty-first AAAI conference on artificial intelligence},
  year={2017}
}

% @article{kamilaris2018deep,
%   title={Deep learning in agriculture: A survey},
%   author={Kamilaris, Andreas and Prenafeta-Bold{\'u}, Francesc X},
%   journal={Computers and electronics in agriculture},
%   volume={147},
%   pages={70--90},
%   year={2018},
%   publisher={Elsevier}
% }